<?xml version="1.0" encoding="UTF-8"?><collection xmlns="http://www.loc.gov/MARC21/slim"><record><leader>00325nam--2200121-i-4500</leader><controlfield tag="001">000044032</controlfield><controlfield tag="002">20161230</controlfield><controlfield tag="005">20161230201044</controlfield><controlfield tag="008">060222s1000------------r-----000-0-eng-d</controlfield><datafield ind1=" " ind2=" " tag="100"><subfield code="a">Teodorescu Alexandru</subfield></datafield><datafield ind1=" " ind2=" " tag="245"><subfield code="a">Turnarea in forme intarite cu bioxid de carbon</subfield></datafield><datafield ind1=" " ind2=" " tag="260"><subfield code="a">Bucuresti, Editura Tehnica, 1962, 179p</subfield></datafield><datafield ind1=" " ind2=" " tag="852"><subfield code="a">8454</subfield></datafield></record></collection>